@article{ref1,
  doi = {10.1016/j.eswa.2018.03.050},
  url = {https://doi.org/10.1016/j.eswa.2018.03.050},
  year = {2018},
  month = sep,
  publisher = {Elsevier {BV}},
  volume = {106},
  pages = {1--20},
  author = {Kang Leng Chiew and Kelvin Sheng Chek Yong and Choon Lin Tan},
  title = {A survey of phishing attacks: Their types,  vectors and technical approaches},
  journal = {Expert Systems with Applications}
}
